@online{8JahreKlimaklage,
  title = {8 Jahre Klimaklage gegen RWE},
  url = {https://rwe.climatecase.org/de/news/artikel/8-jahre-klimaklage-gegen-rwe},
  urldate = {2025-01-17},
  abstract = {Vor acht Jahren hat der peruanische Bergführer und Kleinbauer Saúl Luciano Lliuya seine zivilrechtliche Klage gegen RWE beim Landgericht in Essen eingereicht. Was damals seinen Anfang nahm, ist heute einer der weltweit meistbeachteten Präzedenzfälle für die Frage geworden, ob einzelne Großemittenten für den Schutz vor Klimarisiken aufkommen müssen.},
  langid = {ngerman},
  file = {C:\Users\lnztadil\Zotero\storage\Z6LKZACF\8-jahre-klimaklage-gegen-rwe.html}
}
